<?xml version="1.0" encoding="UTF-8"?><collection xmlns="http://www.loc.gov/MARC21/slim"><record><leader>00519nam--2200169-i-4500</leader><controlfield tag="001">000015007</controlfield><controlfield tag="002">20161230</controlfield><controlfield tag="005">20161230201031</controlfield><controlfield tag="008">060222s1000------------r-----000-0-eng-d</controlfield><datafield ind1=" " ind2=" " tag="040"><subfield code="a">IFIN-HH</subfield></datafield><datafield ind1=" " ind2=" " tag="080"><subfield code="a">801.323.2=20=40</subfield></datafield><datafield ind1="1" ind2=" " tag="100"><subfield code="a">Baker, Ernest A</subfield></datafield><datafield ind1="1" ind2="0" tag="245"><subfield code="a">Cassell's english-french dictionary. with an appendix of proper names weights and measures, etc</subfield><subfield code="c">Ernest a. baker (ed.)</subfield></datafield><datafield ind1=" " ind2=" " tag="260"><subfield code="a">London</subfield><subfield code="b">Cassell And Company, Limited</subfield><subfield code="c">/F.An</subfield></datafield><datafield ind1=" " ind2=" " tag="300"><subfield code="a">557 P</subfield></datafield><datafield ind1=" " ind2=" " tag="852"><subfield code="a">D.622</subfield><subfield code="c">SLF</subfield></datafield><datafield ind1=" " ind2=" " tag="CAT"><subfield code="a">Sys</subfield><subfield code="c">20130215</subfield><subfield code="h">135345</subfield></datafield></record></collection>